
<record>
  <controlfield tag="001">657539</controlfield>
  <datafield tag="035" ind1=" " ind2=" ">
    <subfield code="9">DESY</subfield>
    <subfield code="z">D04-16813</subfield>
  </datafield>
  <datafield tag="035" ind1=" " ind2=" ">
    <subfield code="9">SPIRESTeX</subfield>
    <subfield code="a">Aubert:2004kp</subfield>
  </datafield>
  <datafield tag="035" ind1=" " ind2=" ">
    <subfield code="9">arXiv</subfield>
    <subfield code="a">oai:arXiv.org:hep-ex/0408136</subfield>
  </datafield>
  <datafield tag="037" ind1=" " ind2=" ">
    <subfield code="a">SLAC-PUB-10675</subfield>
  </datafield>
  <datafield tag="037" ind1=" " ind2=" ">
    <subfield code="a">BABAR-CONF-04-16</subfield>
  </datafield>
  <datafield tag="037" ind1=" " ind2=" ">
    <subfield code="9">arXiv</subfield>
    <subfield code="a">hep-ex/0408136</subfield>
    <subfield code="c">hep-ex</subfield>
  </datafield>
  <datafield tag="245" ind1=" " ind2=" ">
    <subfield code="a">$D^{+} \to K^{-} K^{+} \pi^{+}$ meson decays: A Search for CP violation and a measurement of the branching ratio</subfield>
  </datafield>
  <datafield tag="710" ind1=" " ind2=" ">
    <subfield code="g">BaBar</subfield>
  </datafield>
</record>